
    <record>
        <leader>00000nz  a2200169   4500</leader>
        <controlfield tag="001">30077306</controlfield>
        <controlfield tag="003">RISM</controlfield>
        <controlfield tag="005">20160216</controlfield>
        <controlfield tag="008">160216n||az|||||||##########||||||||||||</controlfield>
        <datafield tag="040" ind1=" " ind2=" ">
            <subfield code="a">V-CVbav</subfield>
        </datafield>
        <datafield tag="043" ind1=" " ind2=" ">
            <subfield code="c">VA</subfield>
        </datafield>
        <datafield tag="110" ind1="2" ind2=" ">
            <subfield code="a">Biblioteca Apostolica Vaticana</subfield>
            <subfield code="c">Città del Vaticano</subfield>
            <subfield code="g">V-CVbav</subfield>
        </datafield>
        <datafield tag="622" ind1=" " ind2=" ">
            <subfield code="e">Biblioteca Apostolica Vaticana, 00120 Città del Vaticano, Vatican City State</subfield>
            <subfield code="u">http://bav.vatican.va/</subfield>
        </datafield>
    </record>
</collection>

